@article{kumar2018recommendation,
  title={Recommendation system techniques and related issues: a survey},
  author={Kumar, Pushpendra and Thakur, Ramjeevan Singh},
  journal={International Journal of Information Technology},
  volume={10},
  pages={495--501},
  year={2018},
  publisher={Springer}
}